@inproceedings{BellareTackmann,
author = {Bellare, Mihir and Tackmann, Bj{\"{o}}rn},
booktitle = {Advances in Cryptology--EUROCRYPT},
title = {Nonce-Based Cryptography : Retaining Security when Randomness Fails},
year = {2016}
}

%Applications-------------------------------------------------------------------------
@inproceedings{zantout2011,
  title = {I2P Data Communication System}, 
  author = {Bassam Zantout and Ramzi Haraty}, 
  booktitle = {Proceedings of the International Conference on Networks (ICN)}, 
  year = {2011}, 
  month = {January}, 
  location = {St. Maarten, The Netherlands Antilles}, 
  www_section = {Traffic analysis}, 
}

%Deterministic PKE-----------------------------------------------------------------
%Definitions
@inproceedings{BBO07,
author = {Bellare, Mihir and Boldyreva, Alexandra and O'Neill, Adam},
booktitle = {Advances in Cryptology--CRYPTO},
title = {{Deterministic and Efficiently Searchable Encryption}},
year = {2007}
}

@inproceedings{BFOR08,
author = {Bellare, Mihir and Fischlin, Marc and O'Neill, Adam and Ristenpart, Thomas},
booktitle = {Advances in Cryptology--CRYPTO},
title = {{Deterministic Encryption : Definitional Equivalences and Constructions without Random Oracles Relating the Security Notions}},
year = {2008}
}

@inproceedings{BSO08,
author = {Boldyreva, Alexandra and Fehr, Serge and O'Neill, Adam},
booktitle = {Advances in Cryptology--CRYPTO},
title = {{On notions of security for deterministic encryption, and efficient constructions without random oracles}},
year = {2008}
}

@inproceedings{BBNRTSSHY2009,
author = {Bellare, Mihir and Brakerski, Zvika and Naor, Moni and Ristenpart, Thomas and Segev, Gil and Shacham, Hovav and Yilek, Scott},
booktitle = {Advances in Cryptology--ASIACRYPT},
title = {{Hedged public-key encryption: How to protect against bad randomness}},
year = {2009}
}

@inproceedings{RSV13,
author = {Raghunathan, Ananth and Segev, Gil and Vadhan, Salil},
booktitle = {Advances in Cryptology--EUROCRYPT},
title = {{Deterministic public-key encryption for adaptively chosen plaintext distributions}},
year = {2013}
}

%Primitives
@inproceedings{PW11,
author = {Peikert, Chris and Waters, Brent},
booktitle = {STOC},
title = {{Lossy Trapdoor Functions and Their Applications}},
year = {2011}
}

@inproceedings{BHK13,
author = {Bellare, Mihir and Hoang, Viet Tung and Keelveedhi, Sriram},
booktitle = {Advances in Cryptology--CRYPTO},
title = {{Instantiating Random Oracles via UCEs}},
year = {2013}
}

%Constructions
@inproceedings{BH15,
author = {Bellare, Mihir and Hoang, Viet Tung},
booktitle = {Advances in Cryptology--EUROCRYPT},
title = {{Resisting Randomness Subversion : Fast Deterministic and Hedged Public-key Encryption in the Standard Model}},
year = {2015}
}



%Password-based encryption----------------------------------------------------
%Schemes analyzed
@inproceedings{LR88,
author = {M. Luby and C. Rackoff},
title = {A study of password security},
booktitle = {Advances in Cryptology--CRYPTO},
year = {1988}
}

@inproceedings{WG00,
author = {D. Wagner and I. Goldberg},
title = {Proofs of security for the Unix password hashing algorithm},
booktitle = {Advances in Cryptology--ASIACRYPT},
year =  {2000}
}

@inproceedings{Boyen07,
author = {X. Boyen},
title = {Halting password puzzles: hard-to-break encryption from human-memorable keys},
booktitle = {Proceedings of the USENIX Security Symposium},
year = {2007}
}

%Definitions
%SI
@inproceedings{YY05,
author = {F. F. Yao and Y. L. Yin},
title = {Design and analysis of password-based key derivation functions},
booktitle = {CT-RSA},
year = {2005}
}

%key recovery
@inproceedings{KSHW98,
author = {J. Kelsey and B. Schneier and C. Hall and D.Wagner},
title = {Secure applications of low-entropy keys},
booktitle = {Information Security Workshop ISW},
year = {1998}
}

@inproceedings{AW05,
author = {M. Abadi and B. Warinschi},
title = {Password-based encryption analyzed},
booktitle = {International Colloquium on Automata, Languages and Programming (ICALP)},
year = {2005}
}

%MI
@inproceedings{BRT12,
author = {Bellare, Mihir and Ristenpart, Thomas and Tessaro, Stefano},
booktitle = {Advances in Cryptology--CRYPTO},
title = {{Multi-instance Security and Its Application to Password-Based Cryptography}},
year = {2012}
}

%issues
@inproceedings{DGHKR04,
author = {Y. Dodis and R. Gennaro and J. H\aa stad and H. Krawczyk and T. Rabin},
title = {Randomness extraction and key derivation using the {CBC}, cascade and {HMAC} modes},
booktitle = {Advances in Cryptology--CRYPTO},
year = {2004}
}

@inproceedings{Kraw10,
author = {H. Krawczyk},
title = {Cryptographic extraction and key derivation: The {HKDF} scheme},
booktitle = {Advances in Cryptology--CRYPTO},
year =  {2010}
}

%PAKE
@inproceedings{BPR00,
author = {M. Bellare and D. Pointcheval and P. Rogaway},
title = {Authenticated key exchange secure against dictionary attacks},
booktitle = {Advances in Cryptology--EUROCRYPT},
year = {2000}
}

@inproceedings{CHKLM05,
author = {R. Canetti and S. Halevi and J. Katz and Y. Lindell and P. D. MacKenzie},
title = {Universally composable password-based key exchange},
booktitle = {Advances in Cryptology--EUROCRYPT},
year = {2005}
}

@inproceedings{GL03,
author = {R. Gennaro and Y. Lindell},
title = {A framework for password-based authenticated key exchange},
booktitle = {Advances in Cryptology--EUROCRYPT},
year = {2003}
}

%Labeled PKE-----------------------------------------------------------------------
@inproceedings{Rog02,
author = {P. Rogaway},
title = {Authenticated-encryption with associated-data},
booktitle = {Proceedings of the ACM Conference on Computer and Communications Security (CCS)},
year = {2002}
}

%Examples
@inproceedings{Lim1993,
author = {Lim, Chae Hoon and Lee, Pil Joong},
booktitle = {Advances in Cryptology--CRYPTO},
title = {Another Method for Attaining Security against Adaptively Chosen Ciphertext Attacks},
year = {1993}
}

@article{Shoup2002,
author = {Shoup, Victor and Gennaro, Rosario},
journal = {Journal of Cryptology},
number = {2},
pages = {75--96},
title = {Securing Threshold Cryptosystems against Chosen Ciphertext Attack},
volume = {15},
year = {2002}
}

@inproceedings{Camenisch2003,
author = {Camenisch, Jan and Shoup, Victor},
booktitle = {Advances in Cryptology--CRYPTO},
title = {Practical Verifiable Encryption and Decryption of Discrete Logarithms},
year = {2003}
}

@inproceedings{Camenisch2009,
author = {Camenisch, Jan and Chandran, Nishanth and Shoup, Victor},
booktitle = {Advances in Cryptology--EUROCRYPT},
title = {A public key encryption scheme secure against key dependent chosen plaintext and adaptive chosen ciphertext attacks},
year = {2009}
}

@inproceedings{Libert2014,
author = {Libert, Benoöõt and Peters, Thomas and Joye, Marc and Yung, Moti},
booktitle = {Advances in Cryptology--EUROCRYPT},
title = {Non-Malleability from Malleability : Simulation-Sound Quasi-Adaptive {NIZK} Proofs and {CCA2}-Secure Encryption from Homomorphic Signatures},
year = {2014}
}

@inproceedings{Hofheinz2013,
author = {Hofheinz, Dennis},
booktitle = {Advances in Cryptology--EUROCRYPT},
title = {Circular chosen-ciphertext security with compact ciphertexts},
year = {2013}
}

%Tagged schemes
@inproceedings{Abe2013,
author = {Abe, Masayuki and David, Bernardo and Kohlweiss, Markulf and Nishimaki, Ryo and Ohkubo, Miyako},
booktitle = {Public Key Cryptography},
title = {Tagged One-Time Signatures: Tight Security and Optimal Tag Size},
year = {2013}
}

@article{AGK08,
author = {Abe, M. and Gennaro, R. and Kurosawa, K},
title = {Tag-{KEM/DEM}: A New Framework for Hybrid Encryption},
journal = {Journal of Cryptology},
volume = {21},
number = {1}, 
pages = {97--130},
year = {2008}
}

@inproceedings{Shibuya2011,
author = {Shibuya, Yuki and Shikata, Junji},
title = {Constructing Secure Hybrid Encryption from Key Encapsulation Mechanism with Authenticity},
booktitle = {Cryptography and Coding},
year = {2011}
}


%tags in analyses
@inproceedings{Jonsson2002,
author = {Jonsson, Jakob and {Kaliski Jr.}, Burton S},
booktitle = {Advances in Cryptology--CRYPTO},
title = {On the Security of {RSA} Encryption in {TLS}},
year = {2002}
}

@misc{KSS13,
    author = {Florian Kohlar and Sven SchŠge and Jšrg Schwenk},
    title = {On the Security of TLS-DH and TLS-RSA in the Standard Model},
    howpublished = {Cryptology ePrint Archive, Report 2013/367},
    year = {2013},
    note = {\url{http://eprint.iacr.org/}},
}

@misc{Shoup2001,
    author = {Victor Shoup},
    title = {A Proposal for an ISO Standard for Public Key Encryption},
    howpublished = {Cryptology ePrint Archive, Report 2001/112},
    year = {2001},
    note = {\url{http://eprint.iacr.org/}},
}